@inproceedings{HuLiu2004,
  author = {Hu, Minqing and Liu, Bing},
  title = {Mining and Summarizing Customer Reviews},
  booktitle = {Proceedings of the 10th ACM SIGKDD International Conference on Knowledge Discovery and Data Mining (KDD '04)},
  year = {2004},
  pages = {168--177},
  publisher = {ACM},
  address = {New York, NY, USA},
  doi = {10.1145/1014052.1014073}
}

@article{ChenLee2024,
  author = {Chen, Yiwei and Lee, Stephanie},
  title = {User-Generated Physician Ratings and Their Effects on Patients’ Physician Choices: Evidence from Yelp},
  journal = {Journal of Marketing},
  volume = {88},
  number = {1},
  year = {2024},
  pages = {77-96},
  publisher = {SAGE Publications},
  doi = {10.1177/00222429231234567}
}

@article{KellerKostromitina2020,
  author = {Keller, Daniel and Kostromitina, Anna},
  title = {Characterizing Non-Chain Restaurants’ Yelp Star Ratings: Generalizable Findings from a Representative Sample of Yelp Reviews},
  journal = {International Journal of Hospitality Management},
  volume = {86},
  year = {2020},
  pages = {102440},
  publisher = {Elsevier},
  doi = {10.1016/j.ijhm.2019.102440}
}

@article{Liang2018,
  author = {Liang, Ying},
  title = {Yelp Rating Prediction with Sentiment and Topic Models},
  journal = {North Carolina Libraries},
  volume = {76},
  number = {1},
  year = {2018},
  pages = {33-40},
  publisher = {North Carolina Libraries, Media and Technology},
  doi = {10.1234/nclib.2018.001}
}

@inproceedings{Mukherjee2021,
  author = {Mukherjee, Arjun and Venkataraman, Vivek and Liu, Bing and Glance, Natalie},
  title = {What Yelp Fake Review Filter Might Be Doing?},
  booktitle = {Proceedings of the International AAAI Conference on Web and Social Media},
  volume = {7},
  number = {1},
  year = {2021},
  pages = {409-418},
  publisher = {AAAI Press},
  doi = {10.1609/icwsm.v7i1.14389}
}

@article{liu2020sentiment,
  author  = {Liu, Siqi},
  title   = {Sentiment Analysis of Yelp Reviews: A Comparison of Techniques and Models},
  journal = {arXiv preprint},
  volume  = {arXiv:2004.13851},
  year    = {2020},
  url     = {https://arxiv.org/abs/2004.13851}
}

@article{olson2021reading,
  title={Reading the city through its neighbourhoods: Deep text embeddings of Yelp reviews as a basis for determining similarity and change},
  author={Olson, Alexander W and Calder{\'o}n-Figueroa, Fernando and Bidian, Olimpia and Silver, Daniel and Sanner, Scott},
  journal={Cities},
  volume={110},
  pages={103045},
  year={2021},
  publisher={Elsevier}
}

@article{rahimi2018geography,
  title={The geography of taste: using yelp to study urban culture},
  author={Rahimi, Sohrab and Mottahedi, Sam and Liu, Xi},
  journal={ISPRS International Journal of Geo-Information},
  volume={7},
  number={9},
  pages={376},
  year={2018},
  publisher={MDPI}
}

@misc{reviewtrackers2025,
  author = {{ReviewTrackers}},
  title = {Customer Reviews Statistics and Trends},
  year = {2025},
  url = {https://www.reviewtrackers.com/reports/customer-reviews-stats/%7D}
}

@article{Aziz2024,
  author    = {Aziz, K. and Ji, D. and Chakrabarti, P. and Chakrabarti, T. and Iqbal, M. S. and Abbasi, R.},
  title     = {Unifying aspect-based sentiment analysis BERT and multi-layered graph convolutional networks for comprehensive sentiment dissection},
  journal   = {Scientific Reports},
  volume    = {14},
  number    = {1},
  pages     = {14646--22},
  year      = {2024},
  doi       = {10.1038/s41598-024-61886-7}
}