@article{AzizKamran2024Uasa,
address = {London},
issn = {2045-2322},
journal = {Scientific reports},
copyright = {The Author(s) 2024},
keywords = {Science ; Sentiment analysis},
language = {eng},
number = {1},
pages = {14646-22},
publisher = {Nature Publishing Group UK},
title = {Unifying aspect-based sentiment analysis BERT and multi-layered graph convolutional networks for comprehensive sentiment dissection},
volume = {14},
year = {2024},
author = {Aziz, Kamran and Ji, Donghong and Chakrabarti, Prasun and Chakrabarti, Tulika and Iqbal, Muhammad Shahid and Abbasi, Rashid},
}

@misc{yelp_open_dataset,
title = {Yelp Open Dataset},
url = {https://business.yelp.com/data/resources/open-dataset/},
}