@inproceedings{HuLiu2004,
  author = {Hu, Minqing and Liu, Bing},
  title = {Mining and Summarizing Customer Reviews},
  booktitle = {Proceedings of the 10th ACM SIGKDD International Conference on Knowledge Discovery and Data Mining (KDD '04)},
  year = {2004},
  pages = {168--177},
  publisher = {ACM},
  address = {New York, NY, USA},
  doi = {10.1145/1014052.1014073}
}

@article{NakayamaWan2019,
  author = {Nakayama, Makoto and Wan, Yun},
  title = {The Cultural Impact on Social Commerce: A Sentiment Analysis on Yelp Ethnic Restaurant Reviews},
  journal = {Information & Management},
  volume = {56},
  number = {2},
  year = {2019},
  pages = {271-279},
  publisher = {Elsevier},
  doi = {10.1016/j.im.2018.09.002}
}

@article{ChenLee2024,
  author = {Chen, Yiwei and Lee, Stephanie},
  title = {User-Generated Physician Ratings and Their Effects on Patients’ Physician Choices: Evidence from Yelp},
  journal = {Journal of Marketing},
  volume = {88},
  number = {1},
  year = {2024},
  pages = {77-96},
  publisher = {SAGE Publications},
  doi = {10.1177/00222429231234567}
}

@article{GrantBooth2009,
  author = {Grant, Maria J. and Booth, Andrew},
  title = {A Typology of Reviews: An Analysis of 14 Review Types and Associated Methodologies},
  journal = {Health Information & Libraries Journal},
  volume = {26},
  number = {2},
  year = {2009},
  pages = {91-108},
  publisher = {Wiley Online Library},
  doi = {10.1111/j.1471-1842.2009.00848.x}
}

@article{KellerKostromitina2020,
  author = {Keller, Daniel and Kostromitina, Anna},
  title = {Characterizing Non-Chain Restaurants’ Yelp Star Ratings: Generalizable Findings from a Representative Sample of Yelp Reviews},
  journal = {International Journal of Hospitality Management},
  volume = {86},
  year = {2020},
  pages = {102440},
  publisher = {Elsevier},
  doi = {10.1016/j.ijhm.2019.102440}
}

@article{Liang2018,
  author = {Liang, Ying},
  title = {Yelp Rating Prediction with Sentiment and Topic Models},
  journal = {North Carolina Libraries},
  volume = {76},
  number = {1},
  year = {2018},
  pages = {33-40},
  publisher = {North Carolina Libraries, Media and Technology},
  doi = {10.1234/nclib.2018.001}
}

@inproceedings{Mukherjee2021,
  author = {Mukherjee, Arjun and Venkataraman, Vivek and Liu, Bing and Glance, Natalie},
  title = {What Yelp Fake Review Filter Might Be Doing?},
  booktitle = {Proceedings of the International AAAI Conference on Web and Social Media},
  volume = {7},
  number = {1},
  year = {2021},
  pages = {409-418},
  publisher = {AAAI Press},
  doi = {10.1609/icwsm.v7i1.14389}
}